@article{deepmind,
  title={Playing atari with deep reinforcement learning},
  author={Mnih, Volodymyr and Kavukcuoglu, Koray and Silver, David and Graves, Alex and Antonoglou, Ioannis and Wierstra, Daan and Riedmiller, Martin},
  journal={arXiv preprint arXiv:1312.5602},
  year={2013}
}

@article{universal,
  title={Approximation with artificial neural networks},
  author={Cs{\'a}ji, Bal{\'a}zs Csan{\'a}d},
  journal={Faculty of Sciences, Etvs Lornd University, Hungary},
  volume={24},
  year={2001},
  publisher={Citeseer}
}

@article{backprop,
  title={Learning representations by back-propagating errors},
  author={Rumelhart, David E and Hinton, Geoffrey E and Williams, Ronald J},
  journal={Cognitive modeling},
  volume={5},
  pages={3},
  year={1988}
}

@techreport{replaymemory,
  title={Reinforcement learning for robots using neural networks},
  author={Lin, Long-Ji},
  year={1993},
  institution={DTIC Document}
}

@inproceedings{curriculum,
  title={Curriculum learning},
  author={Bengio, Yoshua and Louradour, J{\'e}r{\^o}me and Collobert, Ronan and Weston, Jason},
  booktitle={Proceedings of the 26th annual international conference on machine learning},
  pages={41--48},
  year={2009},
  organization={ACM}
}
